%% This BibTeX bibliography file was created using BibDesk.
%% http://bibdesk.sourceforge.net/


%% Created for Devin.Johnson at 2014-05-30 13:56:12 -0700 


%% Saved with string encoding Unicode (UTF-8) 



@article{xxx,
	Author = {{CITATION}},
	Date-Added = {2014-05-30 16:00:22 +0000},
	Date-Modified = {2014-05-30 20:56:12 +0000},
	Journal = {Unknown},
	Title = {Unknown },
	Year = {2014}}

@book{zucchini2009hidden,
	Author = {Zucchini, Walter and MacDonald, Iain L},
	Date-Added = {2014-05-30 15:58:34 +0000},
	Date-Modified = {2014-05-30 15:58:34 +0000},
	Publisher = {CRC Press},
	Title = {Hidden Markov models for time series: an introduction using R},
	Year = {2009},
	Bdsk-File-1 = {YnBsaXN0MDDUAQIDBAUGJCVYJHZlcnNpb25YJG9iamVjdHNZJGFyY2hpdmVyVCR0b3ASAAGGoKgHCBMUFRYaIVUkbnVsbNMJCgsMDxJXTlMua2V5c1pOUy5vYmplY3RzViRjbGFzc6INDoACgAOiEBGABIAFgAdccmVsYXRpdmVQYXRoWWFsaWFzRGF0YV8QSC4uLy4uL0RvY3VtZW50cy9QYXBlcnMvWnVjY2hpbmkvSGlkZGVuIE1hcmtvdiBtb2RlbHMgZm9yIHRpbWUgc2VyaWVzLnBkZtIXCxgZV05TLmRhdGFPEQIUAAAAAAIUAAIAAAxNYWNpbnRvc2ggSEQAAAAAAAAAAAAAAAAAAADNZKhqSCsAAABbkIkfSGlkZGVuIE1hcmtvdiBtb2RlbHMjNUI5MDUyLnBkZgAAAAAAAAAAAAAAAAAAAAAAAAAAAAAAAAAAAAAAAAAAAFuQUs9M06gAAAAAAAAAAAACAAQAAAkgAAAAAAAAAAAAAAAAAAAACFp1Y2NoaW5pABAACAAAzWUK2gAAABEACAAAz002GAAAAAEAFABbkIkAEU9VAAXNUwAFzVIAAhDpAAIAX01hY2ludG9zaCBIRDpVc2VyczoAZGV2aW4uam9obnNvbjoARG9jdW1lbnRzOgBQYXBlcnM6AFp1Y2NoaW5pOgBIaWRkZW4gTWFya292IG1vZGVscyM1QjkwNTIucGRmAAAOAFIAKABIAGkAZABkAGUAbgAgAE0AYQByAGsAbwB2ACAAbQBvAGQAZQBsAHMAIABmAG8AcgAgAHQAaQBtAGUAIABzAGUAcgBpAGUAcwAuAHAAZABmAA8AGgAMAE0AYQBjAGkAbgB0AG8AcwBoACAASABEABIAVlVzZXJzL2RldmluLmpvaG5zb24vRG9jdW1lbnRzL1BhcGVycy9adWNjaGluaS9IaWRkZW4gTWFya292IG1vZGVscyBmb3IgdGltZSBzZXJpZXMucGRmABMAAS8AABUAAgAU//8AAIAG0hscHR5aJGNsYXNzbmFtZVgkY2xhc3Nlc11OU011dGFibGVEYXRhox0fIFZOU0RhdGFYTlNPYmplY3TSGxwiI1xOU0RpY3Rpb25hcnmiIiBfEA9OU0tleWVkQXJjaGl2ZXLRJidUcm9vdIABAAgAEQAaACMALQAyADcAQABGAE0AVQBgAGcAagBsAG4AcQBzAHUAdwCEAI4A2QDeAOYC/gMAAwUDEAMZAycDKwMyAzsDQANNA1ADYgNlA2oAAAAAAAACAQAAAAAAAAAoAAAAAAAAAAAAAAAAAAADbA==}}

@article{langrock2012maximum,
	Author = {Langrock, Roland and King, Ruth},
	Date-Added = {2014-05-29 20:34:22 +0000},
	Date-Modified = {2014-05-29 20:34:22 +0000},
	Journal = {Annals of Applied Statistics},
	Title = {Maximum Likelihood Estimation of Mark-Recapture-Recovery Models in the Presence of Continuous Covariates},
	Year = {2013},
	Bdsk-File-1 = {YnBsaXN0MDDUAQIDBAUGJCVYJHZlcnNpb25YJG9iamVjdHNZJGFyY2hpdmVyVCR0b3ASAAGGoKgHCBMUFRYaIVUkbnVsbNMJCgsMDxJXTlMua2V5c1pOUy5vYmplY3RzViRjbGFzc6INDoACgAOiEBGABIAFgAdccmVsYXRpdmVQYXRoWWFsaWFzRGF0YV8QZC4uLy4uL3JlZmVyZW5jZXMvUGFwZXJzL0xhbmdyb2NrL01heGltdW0gTGlrZWxpaG9vZCBFc3RpbWF0aW9uIG9mIE1hcmstUmVjYXB0dXJlLVJlY292ZXJ5IE1vZGVscy5wZGbSFwsYGVdOUy5kYXRhTxECdgAAAAACdgACAAAMTWFjaW50b3NoIEhEAAAAAAAAAAAAAAAAAAAAzWSoakgrAAAADbphH01heGltdW0gTGlrZWxpaG9vZCBFcyNEQkE2Mi5wZGYAAAAAAAAAAAAAAAAAAAAAAAAAAAAAAAAAAAAAAAAAAAANumLNtnSjAAAAAAAAAAAAAgAEAAAJIAAAAAAAAAAAAAAAAAAAAAhMYW5ncm9jawAQAAgAAM1lCtoAAAARAAgAAM221xMAAAABABgADbphAA25FwANuDIADVr6AAXNUgACEOkAAgBmTWFjaW50b3NoIEhEOlVzZXJzOgBkZXZpbi5qb2huc29uOgB3b3JrOgByZWZlcmVuY2VzOgBQYXBlcnM6AExhbmdyb2NrOgBNYXhpbXVtIExpa2VsaWhvb2QgRXMjREJBNjIucGRmAA4AiABDAE0AYQB4AGkAbQB1AG0AIABMAGkAawBlAGwAaQBoAG8AbwBkACAARQBzAHQAaQBtAGEAdABpAG8AbgAgAG8AZgAgAE0AYQByAGsALQBSAGUAYwBhAHAAdAB1AHIAZQAtAFIAZQBjAG8AdgBlAHIAeQAgAE0AbwBkAGUAbABzAC4AcABkAGYADwAaAAwATQBhAGMAaQBuAHQAbwBzAGgAIABIAEQAEgB3VXNlcnMvZGV2aW4uam9obnNvbi93b3JrL3JlZmVyZW5jZXMvUGFwZXJzL0xhbmdyb2NrL01heGltdW0gTGlrZWxpaG9vZCBFc3RpbWF0aW9uIG9mIE1hcmstUmVjYXB0dXJlLVJlY292ZXJ5IE1vZGVscy5wZGYAABMAAS8AABUAAgAU//8AAIAG0hscHR5aJGNsYXNzbmFtZVgkY2xhc3Nlc11OU011dGFibGVEYXRhox0fIFZOU0RhdGFYTlNPYmplY3TSGxwiI1xOU0RpY3Rpb25hcnmiIiBfEA9OU0tleWVkQXJjaGl2ZXLRJidUcm9vdIABAAgAEQAaACMALQAyADcAQABGAE0AVQBgAGcAagBsAG4AcQBzAHUAdwCEAI4A9QD6AQIDfAN+A4MDjgOXA6UDqQOwA7kDvgPLA84D4APjA+gAAAAAAAACAQAAAAAAAAAoAAAAAAAAAAAAAAAAAAAD6g==}}

@article{Laake:2013aa,
	Author = {Jeff L. Laake and Devin S. Johnson and Paul B. Conn},
	Date-Added = {2014-05-29 20:33:03 +0000},
	Date-Modified = {2014-05-29 20:33:03 +0000},
	Journal = {Methods In Ecology and Evolution},
	Pages = {885--890},
	Title = {marked: an R package for maximum likelihood and Markov Chain Monte Carlo analysis of capture--recapture data},
	Volume = {4},
	Year = {2013},
	Bdsk-File-1 = {YnBsaXN0MDDUAQIDBAUGJCVYJHZlcnNpb25YJG9iamVjdHNZJGFyY2hpdmVyVCR0b3ASAAGGoKgHCBMUFRYaIVUkbnVsbNMJCgsMDxJXTlMua2V5c1pOUy5vYmplY3RzViRjbGFzc6INDoACgAOiEBGABIAFgAdccmVsYXRpdmVQYXRoWWFsaWFzRGF0YV8QVy4uLy4uL3JlZmVyZW5jZXMvUGFwZXJzL0xhYWtlL21hcmtlZCBhbiBSIHBhY2thZ2UgZm9yIG1heGltdW0gbGlrZWxpaG9vZCBhbmQgTWFya292LnBkZtIXCxgZV05TLmRhdGFPEQJQAAAAAAJQAAIAAAxNYWNpbnRvc2ggSEQAAAAAAAAAAAAAAAAAAADNZKhqSCsAAAANul0fbWFya2VkIGFuIFIgcGFja2FnZSAjNjU1MjBCLnBkZgAAAAAAAAAAAAAAAAAAAAAAAAAAAAAAAAAAAAAAAAAAAGVSC87U5DBQREYgQ0FSTwACAAQAAAkgAAAAAAAAAAAAAAAAAAAABUxhYWtlAAAQAAgAAM1lCtoAAAARAAgAAM7VVLAAAAABABgADbpdAA25FwANuDIADVr6AAXNUgACEOkAAgBjTWFjaW50b3NoIEhEOlVzZXJzOgBkZXZpbi5qb2huc29uOgB3b3JrOgByZWZlcmVuY2VzOgBQYXBlcnM6AExhYWtlOgBtYXJrZWQgYW4gUiBwYWNrYWdlICM2NTUyMEIucGRmAAAOAHQAOQBtAGEAcgBrAGUAZAAgAGEAbgAgAFIAIABwAGEAYwBrAGEAZwBlACAAZgBvAHIAIABtAGEAeABpAG0AdQBtACAAbABpAGsAZQBsAGkAaABvAG8AZAAgAGEAbgBkACAATQBhAHIAawBvAHYALgBwAGQAZgAPABoADABNAGEAYwBpAG4AdABvAHMAaAAgAEgARAASAGpVc2Vycy9kZXZpbi5qb2huc29uL3dvcmsvcmVmZXJlbmNlcy9QYXBlcnMvTGFha2UvbWFya2VkIGFuIFIgcGFja2FnZSBmb3IgbWF4aW11bSBsaWtlbGlob29kIGFuZCBNYXJrb3YucGRmABMAAS8AABUAAgAU//8AAIAG0hscHR5aJGNsYXNzbmFtZVgkY2xhc3Nlc11OU011dGFibGVEYXRhox0fIFZOU0RhdGFYTlNPYmplY3TSGxwiI1xOU0RpY3Rpb25hcnmiIiBfEA9OU0tleWVkQXJjaGl2ZXLRJidUcm9vdIABAAgAEQAaACMALQAyADcAQABGAE0AVQBgAGcAagBsAG4AcQBzAHUAdwCEAI4A6ADtAPUDSQNLA1ADWwNkA3IDdgN9A4YDiwOYA5sDrQOwA7UAAAAAAAACAQAAAAAAAAAoAAAAAAAAAAAAAAAAAAADtw==}}

@unpublished{Laake:2013ab,
	Author = {Jeff L. Laake},
	Date-Added = {2014-05-29 20:32:50 +0000},
	Date-Modified = {2014-05-30 16:07:26 +0000},
	Note = {AFSC Processed Rep. 2013-04, Alaska Fish. Sci. Cent., NOAA Natl. Mar. Fish Serv., 7600 Sand Point Way NE, Seattle, WA 98115},
	Title = {Capture-Recapture Analysis with Hidden Markov Models},
	Year = {2013},
	Bdsk-File-1 = {YnBsaXN0MDDUAQIDBAUGJCVYJHZlcnNpb25YJG9iamVjdHNZJGFyY2hpdmVyVCR0b3ASAAGGoKgHCBMUFRYaIVUkbnVsbNMJCgsMDxJXTlMua2V5c1pOUy5vYmplY3RzViRjbGFzc6INDoACgAOiEBGABIAFgAdccmVsYXRpdmVQYXRoWWFsaWFzRGF0YV8QTy4uLy4uL3JlZmVyZW5jZXMvUGFwZXJzL0xhYWtlL0NhcHR1cmUtUmVjYXB0dXJlIEFuYWx5c2lzIHdpdGggSGlkZGVuIE1hcmtvdi5wZGbSFwsYGVdOUy5kYXRhTxECOAAAAAACOAACAAAMTWFjaW50b3NoIEhEAAAAAAAAAAAAAAAAAAAAzWSoakgrAAAADbpdH0NhcHR1cmUtUmVjYXB0dXJlIEFuIzY1NTIwQS5wZGYAAAAAAAAAAAAAAAAAAAAAAAAAAAAAAAAAAAAAAAAAAABlUgrO2gw3AAAAAAAAAAAAAgAEAAAJIAAAAAAAAAAAAAAAAAAAAAVMYWFrZQAAEAAIAADNZQraAAAAEQAIAADO2ny3AAAAAQAYAA26XQANuRcADbgyAA1a+gAFzVIAAhDpAAIAY01hY2ludG9zaCBIRDpVc2VyczoAZGV2aW4uam9obnNvbjoAd29yazoAcmVmZXJlbmNlczoAUGFwZXJzOgBMYWFrZToAQ2FwdHVyZS1SZWNhcHR1cmUgQW4jNjU1MjBBLnBkZgAADgBkADEAQwBhAHAAdAB1AHIAZQAtAFIAZQBjAGEAcAB0AHUAcgBlACAAQQBuAGEAbAB5AHMAaQBzACAAdwBpAHQAaAAgAEgAaQBkAGQAZQBuACAATQBhAHIAawBvAHYALgBwAGQAZgAPABoADABNAGEAYwBpAG4AdABvAHMAaAAgAEgARAASAGJVc2Vycy9kZXZpbi5qb2huc29uL3dvcmsvcmVmZXJlbmNlcy9QYXBlcnMvTGFha2UvQ2FwdHVyZS1SZWNhcHR1cmUgQW5hbHlzaXMgd2l0aCBIaWRkZW4gTWFya292LnBkZgATAAEvAAAVAAIAFP//AACABtIbHB0eWiRjbGFzc25hbWVYJGNsYXNzZXNdTlNNdXRhYmxlRGF0YaMdHyBWTlNEYXRhWE5TT2JqZWN00hscIiNcTlNEaWN0aW9uYXJ5oiIgXxAPTlNLZXllZEFyY2hpdmVy0SYnVHJvb3SAAQAIABEAGgAjAC0AMgA3AEAARgBNAFUAYABnAGoAbABuAHEAcwB1AHcAhACOAOAA5QDtAykDKwMwAzsDRANSA1YDXQNmA2sDeAN7A40DkAOVAAAAAAAAAgEAAAAAAAAAKAAAAAAAAAAAAAAAAAAAA5c=}}

@article{Desprez:2014aa,
	Author = {Marine Desprez and Robert Harcourt and Mark A. Hindell and Sarah Cubaynes and Olivier Gimenez and Clive R. McMahon Marine Desprez, Robert Harcourt, Mark A. Hindell, Sarah Cubaynes, Olivier Gimenez and Clive R. McMahon},
	Journal = {Biology Letters},
	Pages = {20140264},
	Title = {Age-specific cost of first reproduction in female southern elephant seals},
	Volume = {10},
	Year = {2014}}

@book{christensen1997log,
	Author = {Ronald Christensen},
	Publisher = {published by Springer-Verlag in},
	Title = {Log-linear models and Logistic regression},
	Year = {1997}}

@incollection{schofield2009further,
	Author = {Schofield, Matthew R and Barker, Richard J},
	Booktitle = {Modeling Demographic Processes In Marked Populations},
	Pages = {677--689},
	Publisher = {Springer},
	Title = {A further step toward the mother-of-all-models: flexibility and functionality in the modeling of capture--recapture Data},
	Year = {2009}}

@article{schofield2008unified,
	Author = {Schofield, Matthew R and Barker, Richard J},
	Journal = {Journal of agricultural, biological, and environmental statistics},
	Number = {4},
	Pages = {458--477},
	Title = {A unified capture-recapture framework},
	Volume = {13},
	Year = {2008}}

@article{ghahramani1997factorial,
	Author = {Ghahramani, Zoubin and Jordan, Michael I},
	Journal = {Machine learning},
	Number = {2-3},
	Pages = {245--273},
	Title = {Factorial hidden Markov models},
	Volume = {29},
	Year = {1997}}

@article{kendall2012estimating,
	Author = {Kendall, William L and White, Gary C and Hines, James E and Langtimm, Catherine A and Yoshizaki, Jun},
	Journal = {Ecology},
	Number = {4},
	Pages = {913--920},
	Title = {Estimating parameters of hidden Markov models based on marked individuals: use of robust design data},
	Volume = {93},
	Year = {2012}}

@phdthesis{Johnson:2003bh,
	Author = {D. Johnson},
	School = {Department of Statistics, Colorado State University},
	Title = {Random Effects Graphical Models for Discrete Compositional Data},
	Year = {2003}}
